@inproceedings{HeuleKWB11,
  author    = {Marijn Heule and
               Oliver Kullmann and
               Siert Wieringa and
               Armin Biere},
  editor    = {Kerstin Eder and
               Jo{\~{a}}o Louren{\c{c}}o and
               Onn Shehory},
  title     = {Cube and Conquer: Guiding {CDCL} {SAT} Solvers by Lookaheads},
  booktitle = {Hardware and Software: Verification and Testing - 7th International
               Haifa Verification Conference, {HVC} 2011, Haifa, Israel, December
               6-8, 2011, Revised Selected Papers},
  series    = {Lecture Notes in Computer Science},
  volume    = {7261},
  pages     = {50--65},
  publisher = {Springer},
  year      = {2011},
  url       = {https://doi.org/10.1007/978-3-642-34188-5\_8},
  doi       = {10.1007/978-3-642-34188-5\_8},
  timestamp = {Fri, 27 Mar 2020 08:58:09 +0100},
  biburl    = {https://dblp.org/rec/conf/hvc/HeuleKWB11.bib},
  bibsource = {dblp computer science bibliography, https://dblp.org}
}

@inproceedings{JordanKLS14,
	author    = {Charles Jordan and
	Lukasz Kaiser and
	Florian Lonsing and
	Martina Seidl},
	title     = {MPIDepQBF: Towards Parallel {QBF} Solving without Knowledge Sharing},
	booktitle = {{SAT}},
	series    = {Lecture Notes in Computer Science},
	volume    = {8561},
	pages     = {430--437},
	publisher = {Springer},
	year      = {2014}
}

@article{AspvallLLS96,
	author    = {Bengt Aspvall and
	Christos Levcopoulos and
	Andrzej Lingas and
	Robert Storlind},
	title     = {On 2-QBF Truth Testing in Parallel},
	journal   = {Inf. Process. Lett.},
	volume    = {57},
	number    = {2},
	pages     = {89--93},
	year      = {1996}
}

@inproceedings{LewisMSNBG09,
	author    = {Matthew Lewis and
	Paolo Marin and
	Tobias Schubert and
	Massimo Narizzano and
	Bernd Becker and
	Enrico Giunchiglia},
	title     = {PaQuBE: Distributed {QBF} Solving with Advanced Knowledge Sharing},
	booktitle = {{SAT}},
	series    = {Lecture Notes in Computer Science},
	volume    = {5584},
	pages     = {509--523},
	publisher = {Springer},
	year      = {2009}
}

@inproceedings{FeldmannMS00,
	author    = {Rainer Feldmann and
	Burkhard Monien and
	Stefan Schamberger},
	title     = {A Distributed Algorithm to Evaluate Quantified Boolean Formulae},
	booktitle = {{AAAI/IAAI}},
	pages     = {285--290},
	publisher = {{AAAI} Press / The {MIT} Press},
	year      = {2000}
}